@Book{dujella,
  author="A. Dujella",
  title="Fibonaccijevi brojevi",
  publiher="HMD",
  location="Zagreb",
  year="2000"
}

@Online{nature,
  url="https://geek.hr/znanost/clanak/fibonaccijev-niz-u-prirodi/"
}

@Online{wiki,
  url="https://en.wikipedia.org/wiki/Fibonacci_number"
}